@inproceedings{fourer:hal-00992083,
  TITLE = {{Analyse prosodique des affects sociaux dans l'interaction face {\`a} face en japonais}},
  AUTHOR = {Fourer, Dominique and Guerry, Marine and Shochi, Takaaki and Rouas, Jean-Luc and Aucouturier, Jean-Julien and Rilliard, Albert},
  URL = {https://hal.archives-ouvertes.fr/hal-00992083},
  BOOKTITLE = {{XXX{\`e}mes Journ{\'e}es d'{\'e}tudes sur la parole}},
  ADDRESS = {Le Mans, France},
  YEAR = {2014},
  MONTH = Jun,
  HAL_ID = {hal-00992083},
  HAL_VERSION = {v1},
}

@inproceedings{Acero:ICASSP98-II-881,
  TITLE = {{Source-Filter Models for Time-Scale Pitch-Scale Modification of Speech}},
  AUTHOR = {A. Acero},
  URL = {http://research.microsoft.com/pubs/77512/1998-alexac-icassp.pdf},
  BOOKTITLE = {{Proceedings of the 1998 IEEE
International Conference on Acoustics,
Speech and Signal Processing}},
  ADDRESS = {Seattle, WA (USA)},
  YEAR = {1998},
  MONTH = May,
}

@misc{Gutierrez-Osuna:ISP-PMS,
  Author = {Ricardo Gutierrez-Osuna},
  Institution = {Computer Science & Engineering (CSE), College of Engineering},
  Howpublished = {Introduction to Speech Processing},
  Title = {Prosodic modification of speech},
	URL = {http://research.cs.tamu.edu/prism/lectures/sp/l19.pdf}
}

@article{haagen1994transformation,
  title={Transformation and Decomposition of the Speech Signal for Coding},
  author={Haagen, Jesper},
  journal={IEEE signal processing letters},
  volume={1},
  number={9},
  pages={136},
  year={1994},
	URL = {http://148.204.64.201/paginas%20anexas/voz/articulos%20interesantes/F/29.pdf}
}

@article{bachorowski1999vocal,
  title={Vocal expression and perception of emotion},
  author={Bachorowski, Jo-Anne},
  journal={Current directions in psychological science},
  volume={8},
  number={2},
  pages={53--57},
  year={1999},
  publisher={SAGE Publications},
	URL = {http://www.columbia.edu/~rmk7/HC/HC_Readings/Bachorowski.pdf}
}

@article{valbret1992voice,
  title={Voice transformation using PSOLA technique},
  author={Valbret, H{\'e}l{\`e}ne and Moulines, Eric and Tubach, Jean-Pierre},
  journal={Speech Communication},
  volume={11},
  number={2},
  pages={175--187},
  year={1992},
  publisher={Elsevier}
}

@book{ekman2003unmasking,
  title={Unmasking the face: A guide to recognizing emotions from facial clues},
  author={Ekman, Paul and Friesen, Wallace V},
  year={2003},
  publisher={Ishk}
}

@article{10.4000/alsic.332,
  title={WinPitch LTL, un logiciel multim{\'e}dia d'enseignement de la prosodie},
  author={Philippe Martin},
  journal={Alsic [en ligne]},
  volume={8},
  number={2},
  year={2005},
	URL={http://alsic.revues.org/332}
}

@article{rouas2006identification,
  title={Identification automatique des parlers arabes par la prosodie},
  author={Rouas, Jean-Luc and Barkat-Defradas, Melissa and Pellegrino, Fran{\c{c}}ois and Hamdi, Rym and others},
  journal={Journ{\'e}es d'Etude sur la Parole},
  year={2006}
}

@inproceedings{beskow1995rule,
  title={Rule-based visual speech synthesis.},
  author={Beskow, Jonas},
  booktitle={EUROSPEECH},
  year={1995}
}

@article{matsumoto1992american,
  title={American-Japanese cultural differences in the recognition of universal facial expressions},
  author={Matsumoto, David},
  journal={Journal of cross-cultural psychology},
  volume={23},
  number={1},
  pages={72--84},
  year={1992},
  publisher={Sage Publications}
}

@article{auberge2002prosodie,
  title={Prosodie et {\'e}motion},
  author={Auberg{\'e}, V{\'e}ronique},
  journal={Actes des deuxiemes assises nationales du GdR I},
  volume={3},
  pages={263--273},
  year={2002}
}

@inproceedings{auberge2002gestalt,
  title={A Gestalt morphology of prosody directed by functions: the example of a step by step model developed at ICP},
  author={Auberg{\'e}, V{\'e}ronique},
  booktitle={Speech Prosody 2002, International Conference},
  year={2002}
}